@misc{depmap2024,
  title     = {DepMap 24Q4 Public},
  howpublished = {\url{https://doi.org/10.25452/figshare.plus.27993248.v1}},
  note      = {Broad Institute. Published 2024. Accessed 2025-02-07.},
  year      = {2024},
}

@software{yanyyyy3,
  author    = {yanyyyy3},
  title     = {CRISPR-base-editor: v1.0},
  howpublished = {\url{https://doi.org/10.5281/zenodo.8186157}},
  year      = {2023},
  note      = {Accessed 2025-02-07.}
}

@misc{biogridORCS,
  title     = {BioGRID ORCS},
  howpublished = {\url{https://orcs.thebiogrid.org/}},
  note      = {Accessed 2025-02-07.}
}

@article{huang2019,
  author    = {Huang, K. and Liu, X. and Li, Y. and others},
  title     = {Genome-Wide CRISPR-Cas9 Screening Identifies NF-KB/E2F6 Responsible for EGFRvIII-Associated Temozolomide Resistance in Glioblastoma},
  journal   = {Advanced Science},
  volume    = {6},
  number    = {19},
  year      = {2019},
  pages     = {1900782},
  doi       = {10.1002/advs.201900782},
  howpublished = {\url{https://doi.org/10.1002/advs.201900782}},
}
